@book{williams2006gaussian,
    title = {{Gaussian Processes for Machine Learning}},
    year = {2006},
    author = {Williams, Christopher K I and Rasmussen, Carl Edward},
    number = {3},
    volume = {2},
    publisher = {MIT press Cambridge, MA}
}

@book{kuipers1974uniform,
    title = {{Uniform Distribution of Sequences}},
    year = {1974},
    author = {Kuipers, L and Niederreiter, H},
    series = {A Wiley-Interscience publication},
    publisher = {Wiley},
    url = {https://books.google.com/books?id=lCTvAAAAMAAJ},
    isbn = {9780471510451}
}

@inproceedings{Crombecq2009AModeling,
    title = {{A novel sequential design strategy for global surrogate modeling}},
    year = {2009},
    booktitle = {Proceedings - Winter Simulation Conference},
    author = {Crombecq, Karel and De Tommasi, Luciano and Gorissen, Dirk and Dhaene, Tom},
    isbn = {9781424457700},
    doi = {10.1109/WSC.2009.5429687},
    issn = {08917736}
}

@misc{Liu2018ADesign,
    title = {{A survey of adaptive sampling for global metamodeling in support of simulation-based complex engineering design}},
    year = {2018},
    booktitle = {Structural and Multidisciplinary Optimization},
    author = {Liu, Haitao and Ong, Yew Soon and Cai, Jianfei},
    doi = {10.1007/s00158-017-1739-8},
    issn = {16151488},
    keywords = {Adaptive sampling, Global metamodeling, Simulation-based engineering design}
}

@inproceedings{Kaminsky2018AdaptiveSurfaces,
    title = {{Adaptive sampling techniques for surrogate modeling to create high-dimension aerodynamic loading response surfaces}},
    year = {2018},
    booktitle = {2018 Applied Aerodynamics Conference},
    author = {Kaminsky, Andrew L. and Wang, Yi and Pant, Kapil and Hashii, Wendy N. and Atachbarian, Abraham},
    isbn = {9781624105593},
    doi = {10.2514/6.2018-4199}
}

@article{Eason2014AdaptiveNetworks,
    title = {{Adaptive sequential sampling for surrogate model generation with artificial neural networks}},
    year = {2014},
    journal = {Computers and Chemical Engineering},
    author = {Eason, John and Cremaschi, Selen},
    doi = {10.1016/j.compchemeng.2014.05.021},
    issn = {00981354},
    keywords = {Adaptive sampling, Artificial neural networks, Space-filling design, Surrogate models}
}

@article{Liu2017AnError,
    title = {{An adaptive sampling approach for Kriging metamodeling by maximizing expected prediction error}},
    year = {2017},
    journal = {Computers and Chemical Engineering},
    author = {Liu, Haitao and Cai, Jianfei and Ong, Yew Soon},
    doi = {10.1016/j.compchemeng.2017.05.025},
    issn = {00981354},
    keywords = {Adaptive balance strategy, Adaptive sampling, Expected prediction error, Kriging metamodeling}
}

@inproceedings{Damianou2013DeepProcesses,
    title = {{Deep Gaussian processes}},
    year = {2013},
    booktitle = {Journal of Machine Learning Research},
    author = {Damianou, Andreas C. and Lawrence, Neil D.},
    issn = {15337928},
    arxivId = {1211.0358}
}