@inproceedings{Zuluaga2013ActiveOptimization,
    title = {{Active learning for multi-objective optimization}},
    year = {2013},
    booktitle = {30th International Conference on Machine Learning, ICML 2013},
    author = {Zuluaga, Marcela and Krause, Andreas and Sergent, Guillaume and P{\"{u}}schel, Markus}
}