@inproceedings{Kingma2015Adam:Optimization,
    title = {{Adam: A method for stochastic optimization}},
    year = {2015},
    booktitle = {3rd International Conference on Learning Representations, ICLR 2015 - Conference Track Proceedings},
    author = {Kingma, Diederik P. and Ba, Jimmy Lei},
    arxivId = {1412.6980}
}

@article{Rosenbrock1960AnFunction,
    title = {{An Automatic Method for Finding the Greatest or Least Value of a Function}},
    year = {1960},
    journal = {The Computer Journal},
    author = {Rosenbrock, H. H.},
    doi = {10.1093/comjnl/3.3.175},
    issn = {0010-4620}
}

@article{Powell1962AnVariables,
    title = {{An Iterative Method for Finding Stationary Values of a Function of Several Variables}},
    year = {1962},
    journal = {The Computer Journal},
    author = {Powell, M. J. D.},
    doi = {10.1093/comjnl/5.2.147},
    issn = {0010-4620}
}

@book{Himmelblau1972AppliedProgramming,
    title = {{Applied Nonlinear Programming}},
    year = {1972},
    author = {Himmelblau, D. M.},
    publisher = {McGraw-Hill}
}

@article{Dozat2016IncorporatingAdam,
    title = {{Incorporating Nesterov Momentum into Adam}},
    year = {2016},
    journal = {ICLR Workshop},
    author = {Dozat, Timothy}
}

@inproceedings{Reddi2018OnBeyond,
    title = {{On the convergence of Adam and beyond}},
    year = {2018},
    booktitle = {6th International Conference on Learning Representations, ICLR 2018 - Conference Track Proceedings},
    author = {Reddi, Sashank J. and Kale, Satyen and Kumar, Sanjiv},
    arxivId = {1904.09237}
}